@book{albalooshi2003virtual,
  title={Virtual Education: Cases in Learning \& Teaching Technologies},
  author={Albalooshi, F.},
  isbn={9781931777391},
  lccn={02156225},
  url={https://books.google.com.co/books?id=P7U2pjrBVP0C},
  year={2003},
  publisher={IRM Press}
}

@book{sternberg2010dynamical,
  title={Dynamical Systems},
  author={Sternberg, S.},
  isbn={9780486477053},
  lccn={2010282949},
  series={Dover Books on Mathematics},
  url={https://books.google.com.co/books?id=T2uTAwAAQBAJ},
  year={2010},
  publisher={Dover Publications}
}

@book{chatterjee2021covid,
  title={COVID-19: Tackling Global Pandemics through Scientific and Social Tools},
  author={Chatterjee, S.},
  isbn={9780323858090},
  url={https://books.google.com.co/books?id=XHINEAAAQBAJ},
  year={2021},
  publisher={Elsevier Science}
}

@article{ WOS:000540232900001,
Author = {Crisol-Moya, Emilio and Herrera-Nieves, Liliana and Montes-Soldado,
   Rosana},
Title = {{Virtual Education for All: Systematic Review}},
Journal = {{EDUCATION IN THE KNOWLEDGE SOCIETY}},
Year = {{2020}},
Volume = {{21}},
Month = {{06}},
DOI = {{10.14201/eks.20327}},
Article-Number = {{15}},
ISSN = {{2444-8729}},
ResearcherID-Numbers = {{Montes, Rosana/C-2434-2012
   Soldado, Rosana Montes/AAT-7222-2021
   }},
ORCID-Numbers = {{Montes, Rosana/0000-0002-0183-044X
   Soldado, Rosana Montes/0000-0002-0183-044X
   CRISOL MOYA, EMILIO/0000-0002-3091-6699}},
Unique-ID = {{WOS:000540232900001}},
}